<?xml version="1.0" encoding="UTF-8"?><collection><record><leader>04824ntm a2200529 a 4500</leader><controlfield tag="001">006835248</controlfield><controlfield tag="003">MiAaHDL</controlfield><controlfield tag="005">20190719000000.0</controlfield><controlfield tag="006">m        d        </controlfield><controlfield tag="007">cr bn ---auaua</controlfield><controlfield tag="008">090707s16uu    xx            00| ||ara d</controlfield><datafield tag="035" ind1=" " ind2=" "><subfield code="a">(MiU)006835248</subfield></datafield><datafield tag="035" ind1=" " ind2=" "><subfield code="a">sdr-miu006835248</subfield></datafield><datafield tag="040" ind1=" " ind2=" "><subfield code="a">MiU</subfield><subfield code="c">MiU</subfield><subfield code="e">amremm</subfield></datafield><datafield tag="043" ind1=" " ind2=" "><subfield code="a">n-us-mi</subfield></datafield><datafield tag="100" ind1="1" ind2=" "><subfield code="6">880-01</subfield><subfield code="a">ʻAbd al-Razzāq, al-Shaykh.</subfield><subfield code="d">fl.17th cent.?</subfield></datafield><datafield tag="245" ind1="1" ind2="3"><subfield code="6">880-03</subfield><subfield code="a">al-Juzʼ al-awwal min Sharḥ Tanwīr al-abṣār,</subfield><subfield code="f">[17th century?].</subfield></datafield><datafield tag="246" ind1="3" ind2=" "><subfield code="i">Edge title:</subfield><subfield code="a">Juzʼ al-awwal min sharḥ Tanwīr al-abṣār lil-shaykh ʻAbd al-Razzāq</subfield></datafield><datafield tag="260" ind1=" " ind2=" "><subfield code="c">[16--?].</subfield></datafield><datafield tag="300" ind1=" " ind2=" "><subfield code="a">345 leaves ;</subfield><subfield code="c">210 x 150 (200 x 130) mm. bound to 210-215 x 150 mm.</subfield></datafield><datafield tag="500" ind1=" " ind2=" "><subfield code="a">Shelfmark: Ann Arbor, University of Michigan, Special Collections Library, Isl. Ms. 1033</subfield></datafield><datafield tag="500" ind1=" " ind2=" "><subfield code="a">Origin: Lacks a dated colophon ; paper suggests a dating of 17th century.</subfield></datafield><datafield tag="500" ind1=" " ind2=" "><subfield code="a">Former shelfmark: Mich. Isl. Ms. temp. no. 182</subfield></datafield><datafield tag="500" ind1=" " ind2=" "><subfield code="a">Binding: Pasteboards covered in two different brown leathers with spine and repairs in red leather ; Type II binding (with flap, though now lost) ; likely cobbled together from two distinct covers ; lower cover features a blind-stamped central mandorla (compare Déroche class. NSd 7) and incised frame ; upper board lining in white paper, lower board lining in pink-tinted paper ; sewn in red thread, four stations ; tailband is partially intact ; headband is entirely gone, along with the top edge of the spine.</subfield></datafield><datafield tag="500" ind1=" " ind2=" "><subfield code="a">Support: European laid paper with vertical laid lines spaced roughly 7-8 laid lines per cm. and horizontal chain lines spaced 28 mm. apart ; watermark crescent above six-pointed star above crown (similar to Heawood 1132) appears through out ; fol.344 carries a tre lune watermark oriented parallel to the laid lines.</subfield></datafield><datafield tag="500" ind1=" " ind2=" "><subfield code="a">Decoration: Text rubricated with keywords, sigla, overlining, etc. in red.</subfield></datafield><datafield tag="500" ind1=" " ind2=" "><subfield code="a">Script: Naskh ; casual but quite readable with some Persianate characterisitics ; pointed but unvowelled ; mainly closed counters are closed ; fī appears with yāʼ mardūdah ; slight effect of words descending to baseline.</subfield></datafield><datafield tag="500" ind1=" " ind2=" "><subfield code="a">Layout: Written in 24-29 lines per page.</subfield></datafield><datafield tag="500" ind1=" " ind2=" "><subfield code="a">Collation: ii, 1+IV (9), 2 VI(33), 5 V(83), IV+1 (92), V(102), IV(110), I(112), 5 V(162), VI(174), 8 V(254), 2 IV(270), 7 V(340), 1+II (345), i ; chiefly quinions ; last two leaves left blank ; catchwords present ; foliation in Hindu-Arabic numerals begin at p.1 with ۲۴ and ending at my p.685 with ۳۶۶ ; pagination in pencil, Western numerals, supplied during cataloguing.</subfield></datafield><datafield tag="500" ind1=" " ind2=" "><subfield code="a">Explicit: "افتى القاضي الامام صدر الدين السربلي رح ان هذا الوقف غير صحيح معللا بان هذا وقف قبل وجود الموقوف عليه وافتى غيره من اهل زمانه بصحة هذا الوقف وهو الصحيح فانه ذكر في النوازل رجل وقف ارضاء له على اولاد فلان"</subfield></datafield><datafield tag="500" ind1=" " ind2=" "><subfield code="a">Incipit: "اليسير كما في هذه المسئلة انه لا يجوز لان المسح على ما ظهر من الخرق ليس بمسح على الخف حقيقة ولا حكما وتماما في البحر الرائق"</subfield></datafield><datafield tag="500" ind1=" " ind2=" "><subfield code="a">Title from inscription on tail edge.</subfield></datafield><datafield tag="500" ind1=" " ind2=" "><subfield code="a">Ms. codex.</subfield></datafield><datafield tag="510" ind1="4" ind2=" "><subfield code="a">Brockelmann, C. GAL,</subfield><subfield code="c">SII, 427</subfield></datafield><datafield tag="520" ind1="8" ind2=" "><subfield code="a">Neat copy of the first volume of a commentary, attributed to al-Shaykh ʻAbd al-Razzāq, on al-Khaṭīb al-Timirtāshī's Tanwīr al-abṣār, a work of Ḥanafī fiqh; acephalous and end wanting. Description provided by Noah Gardiner.</subfield></datafield><datafield tag="538" ind1=" " ind2=" "><subfield code="a">Mode of access: Internet.</subfield></datafield><datafield tag="541" ind1=" " ind2=" "><subfield code="c">Purchase;</subfield><subfield code="a">Purchased in Egypt by Mr. Sulaiman;</subfield><subfield code="d">Received: 10/17/1968;</subfield><subfield code="e">(Sulaiman 690713-156)</subfield></datafield><datafield tag="545" ind1="0" ind2=" "><subfield code="a">Identity of the author is uncertain, though he may have been an instructor in al-Nāṣirīyah al-Jūwānīyah in Damascus.</subfield></datafield><datafield tag="546" ind1=" " ind2=" "><subfield code="a">Arabic.</subfield></datafield><datafield tag="561" ind1=" " ind2=" "><subfield code="a">Numerous collation marks such as "بلغ" appear throughout ; on p.355 a note reads "بلغ هنا في الكتابة" ; sigla ش and م are used frequently througout (ش may represent التمرتاشي) ; marginal commentaries and corrections in hand of copyist.</subfield></datafield><datafield tag="600" ind1="1" ind2="0"><subfield code="a">Khaṭīb al-Tamartāshī, Muḥammad ibn ʻAbd Allāh,</subfield><subfield code="d">1532 or 3-1595 or 6.</subfield><subfield code="t">Tanwīr al-abṣār wa-jāmiʻ al-biḥār.</subfield></datafield><datafield tag="650" ind1=" " ind2="0"><subfield code="a">Manuscripts, Arabic</subfield><subfield code="z">Michigan</subfield><subfield code="z">Ann Arbor.</subfield></datafield><datafield tag="650" ind1=" " ind2="0"><subfield code="a">Hanafites</subfield><subfield code="v">Early works to 1800.</subfield></datafield><datafield tag="650" ind1=" " ind2="0"><subfield code="a">Islamic law</subfield><subfield code="x">Interpretation and construction</subfield><subfield code="v">Early works to 1800.</subfield></datafield><datafield tag="773" ind1="0" ind2=" "><subfield code="a">Sulaiman Purchase Collection.</subfield></datafield><datafield tag="880" ind1="1" ind2="2"><subfield code="6">245-03/</subfield><subfield code="a">الجزء الاول من شرح تنوير الابصار,</subfield><subfield code="f">[القرن 17م؟].</subfield></datafield><datafield tag="880" ind1="1" ind2=" "><subfield code="6">100-01/</subfield><subfield code="a">عبد الرزاق، الشيخ.</subfield></datafield><datafield tag="CID" ind1=" " ind2=" "><subfield code="a">006835248</subfield></datafield><datafield tag="DAT" ind1="0" ind2=" "><subfield code="a">20190719102641.0</subfield><subfield code="b">20190719000000.0</subfield></datafield><datafield tag="DAT" ind1="1" ind2=" "><subfield code="a">20190719090653.0</subfield><subfield code="b">2019-07-19T16:12:30Z</subfield></datafield><datafield tag="DAT" ind1="2" ind2=" "><subfield code="a">2015-10-10T18:00:06Z</subfield></datafield><datafield tag="CAT" ind1=" " ind2=" "><subfield code="a">SDR-MIU</subfield><subfield code="d">EX LIBRIS - ALEPH</subfield><subfield code="l">prepare.pl-004-008</subfield></datafield><datafield tag="FMT" ind1=" " ind2=" "><subfield code="a">BK</subfield></datafield><datafield tag="HOL" ind1=" " ind2=" "><subfield code="0">sdr-miu006835248</subfield><subfield code="a">MiU</subfield><subfield code="b">SDR</subfield><subfield code="c">MIU</subfield><subfield code="p">mdp.39015079132208</subfield><subfield code="s">MIU</subfield><subfield code="1">006835248</subfield></datafield><datafield tag="974" ind1=" " ind2=" "><subfield code="b">MIU</subfield><subfield code="c">MIU</subfield><subfield code="d">20190719</subfield><subfield code="s">lit-dlps-dc</subfield><subfield code="u">mdp.39015079132208</subfield><subfield code="y">1699</subfield><subfield code="r">pd</subfield><subfield code="q">bib</subfield><subfield code="t">non-US bib date1 &lt; 1879</subfield></datafield></record></collection>